%%%% REFERÊNCIAS
%%
%% Conjunto padronizado de elementos descritivos retirados de um documento, que permite sua identificação individual.
%%
%% Cada entrada no arquivo BibTeX segue um formato padrão. Este formato muda ligeiramente baseado no tipo de entrada, mas a sintaxe
%% continua a mesma.
%%
%% O rótulo de cada entrada não pode conter caracteres especiais, acentuados ou cedilha.
%%
%% A formatação do texto no campo "AUTHOR" deve obedecer algumas regras:
%%   - Acento agudo:        "á = {\'a}".
%%   - Acento crase:        "à = {\`a}".
%%   - Acento til:          "ã = {\~a}".
%%   - Acento circunflexo:  "ê = {\^e}".
%%   - Acento trema:        "ü = {\"u}".
%%   - Acento na letra i:   "í = {\'\i}".
%%   - Cedilha:             "ç = {\c{c}}".
%%   - Sobrenome composto:  "Santos, Filho, Jos{\'e} C. S.; da Silva, Erivanildo Lopes".
%%   - Nome de organização: "{\mbox IONA Technologies PLC}".
%%
%% A formatação do texto no campo "TITLE" deve obedecer algumas regras (também válidas para o texto no campo "AUTHOR"):
%%   - MAIÚSCULAS: "REAL = {REAL}".
%%   - Minúsculas: "real = {real}".
%%   - CamelCase:  "Real = {R}eal".

%% TIPOS DE ENTRADA
%%
%% Ao inserir uma referência no banco de dados, a primeira coisa a decidir é o tipo de entrada. Existem vários tipos de entrada, mas
%% não são completas, porém são suficientes para o BibTeX fornecer entradas para lidar com praticamente qualquer tipo de referência
%% razoavelmente bem.

%% ARTICLE - Um artigo de um jornal ou revista.
%%   - Campos requeridos: AUTHOR, TITLE, JOURNAL e YEAR.
%%   - Campos opcionais: VOLUME, NUMBER, PAGES, MONTH e NOTE.

@ARTICLE{Schmidt2015,
  AUTHOR    = {SCHMIDT, Ana Elisa and NOGUEIRA, Elvis C.},
  TITLE     = {ESTUDO SOBRE MÉTODOS DE RECONHECIMENTO FACIAL EM FOTOGRAFIAS DIGITAIS},
  JOURNAL   = {MICTI},
  YEAR      = {2015},
  VOLUME    = {9},
  PAGES     = {5},
  MONTH     = feb,
  URL       = {https://eventos.ifc.edu.br/micti/wp-content/uploads/sites/5/2014/08/ESTUDO-SOBRE-METODOS-DE-RECONHECIMENTO-FACIAL-EM-FOTOGRAFIAS-DIGITAIS.pdf},
  URLACCESSDATE = {07 set. 2022}
}

@ARTICLE{Frederico2012,
  AUTHOR    = {Frederico, Guilherme Francisco and Martins, Roberto Antonio},
  TITLE     = {Modelo para alinhamento entre a maturidade dos sistemas de medição de desempenho e a maturidade da gestão da cadeia de suprimentos},
  JOURNAL   = {Gestão \& Produção},
  YEAR      = {2012},
  VOLUME    = {19},
  PAGES     = {857--871},
  MONTH     = dec,
  ISSN      = {0104-530X},
  PUBLISHER = {Scielo},
  URL       = {http://www.scielo.br/scielo.php?script=sci_arttext&pid=S0104-530X2012000400014&nrm=iso},
  URLACCESSDATE = {21 ago. 2013}
}


%% BOOK - Um livro com uma editora explícita.
%%   - Campos requeridos: AUTHOR ou EDITOR, TITLE, PUBLISHER e YEAR.
%%   - Campos opcionais: VOLUME ou NUMBER, SERIES, ADDRESS, EDITION, MONTH e NOTE.
